
@techreport{brookings,
    author = "Gian Maria Milesi-Ferretti",
    title = "The external wealth of nations database",
    institution = "Brookings Institution",
    type = "\url{https://www.brookings.edu/research/the-external-wealth-of-nations-database/}",
    year = "2022",
}
@techreport{CFR,
    author = "Noah Berman",
    title = "What Happens When the U.S. Hits Its Debt Ceiling?",
    institution = "Council on Foreign Relations",
    type = "\url{https://www.cfr.org/backgrounder/what-happens-when-us-hits-its-debt-ceiling/}",
    year = "2023",
}
@techreport{Kent_Clark_Center,
    author = "Kent Clark",
    title = "Debt Ceiling Survey",
    institution = " The Kent A. Clark Center",
    type = "\url{https://www.kentclarkcenter.org/surveys/debt-ceiling/}",
    year = "2013",
}
@techreport{White_House,
    author = "White-House",
    title = "Statutory Limits on Federal Debt: 1940–Current",
    institution = "White House",
    type = "\url{https://www.whitehouse.gov/omb/budget/historical-tables/}",
    year = "2023",
}

@techreport{Ito_and_Mccauley,
    author = "Hiro Ito and Robert N. McCauley",
    title = "The Dataset of the Currency Composition of Foreign Exchange Reserves",
    institution = "Portland State University, Boston University and University of Oxford",
    type = "\url{https://web.pdx.edu/~ito/IM_dataset.htm}",
    year = "2021",
}
@techreport{Herrera1,
    author = "Helios Herrera and Antonin Mace and Matiıas Nunez",
    title = "Political Brinkmanship: US Debt Ceiling",
    institution = "University of Warwick & CEPR",
    type = "\url{https://www.heliosherrera.com/Brexit.pdf}",
    year = "2023",
}
@techreport{Aye,
    author = "Goodness C. Aye and Frederick W. Deale and Rangan Gupta",
    title = "Does Debt Ceiling and Government Shutdown Help in Forecasting the US Equity Risk Premium?",
    institution = "Panoeconomicus",
    type = "\url{http://panoeconomicus.org/index.php/jorunal/article/view/25}",
    year = "2016",
}

@techreport{Herrera2,
    author = "Helios Herrera and Antonin Mace and Matiıas Nunez",
    title = "Brexit: Brinkmanship and Compromise",
    institution = "HAL SHS",
    type = "\url{https://shs.hal.science/halshs-03225030/}",
    year = "2021",
}
